@thesis{Neal:1995:BLNN,
	author = {Neal, Radford M.},
	title = {Bayesian Learning for Neural Networks},
	year = {1995},
}

@article{Jordan:1999:IVMGM,
	author = {Jordan, Michael I. and Ghahramani, Zoubin and Jaakkola, Tommi S. and Saul, Lawrence K.},
	title = {An Introduction to Variational Methods for Graphical Models},
	year = {1999},
}

@article{Kennedy:2002:BCCM,
	title = {Bayesian calibration of computer models},
	author = {C. Kennedy, Marc and O'Hagan, Anthony},
	year = {2002}
}

@article{Murray:2005:NEBOR,
	title={A note on the evidence and {B}ayesian {O}ccam's razor},
	author={Iain Murray and Zoubin Ghahramani},
	year={2005}
}

@book{Bishop:2006:PRML,
	author = {Bishop, Christopher M.},
	title = {Pattern Recognition and Machine Learning (Information Science and Statistics)},
	year = {2006},
}

@book{Elezovic:2007:VSSV,
	title={Vjerojatnost i statistika: {S}lučajne varijable},
	author={Elezović, Neven},
	year={2007},
}

@book{Elezovic:2007:VSMSSP,
	title={Vjerojatnost i statistika: {M}atematička statistika i	stohastički procesi},
	author={Elezović, Neven},
	year={2007},
}

@article{Kiureghian:2009:AEDM,
	title = {Aleatory or epistemic? {Does} it matter?},
	author = {Kiureghian, Armen Der and Ditlevsen, Ove},
	year = {2009}
}

@book{Murphy:2012:MLPP,
	author = {Murphy, Kevin P.},
	title = {Machine Learning: A Probabilistic Perspective},
	year = {2012},
} 

@book{Snajder:2014:SU,
	author = {Jan~Šnajder and Bojana~{Dalbelo~Bašić}},
	title = {Strojno učenje},
	year = {2014},
}

@article{Gal:2015:DBARMUDL,
	title = {Dropout as a {Bayesian} {Approximation}: {Representing} {Model} {Uncertainty} in {Deep} {Learning}},
	shorttitle = {Dropout as a {Bayesian} {Approximation}},
	url = {http://arxiv.org/abs/1506.02142},
	author = {Gal, Yarin and Ghahramani, Zoubin},
	year = {2015},
}

@article{Gal:2015:DBAA,
	title = {Dropout as a {Bayesian} {Approximation}: {Appendix}},
	shorttitle = {Dropout as a {Bayesian} {Approximation}},
	url = {https://arxiv.org/abs/1506.02157},
	author = {Gal, Yarin and Ghahramani, Zoubin},
	year = {2015},
}

@book{Goodfellow:2016:DL,
	title={Deep Learning},
	author={Ian Goodfellow and Yoshua Bengio and Aaron Courville},
	publisher={MIT Press},
	note={\url{http://www.deeplearningbook.org}},
	year={2016}
}

@article{Blei:2017:VIRS,
	title = {Variational {Inference}: {A} {Review} for {Statisticians}},
	shorttitle = {Variational {Inference}},
	url = {http://arxiv.org/abs/1601.00670},
	journal = {Journal of the American Statistical Association},
	author = {Blei, David M. and Kucukelbir, Alp and McAuliffe, Jon D.},
	year = {2017}
}

@note{Yang:2017:UVLB,
	title = {Understanding the {Variational} {Lower} {Bound}},
	author = {Yang, Xitong},
	year = {2017},
	url = {http://legacydirs.umiacs.umd.edu/~xyang35/files/understanding-variational-lower.pdf}
}

@misc{tensorflow2015-whitepaper,
	title={ {TensorFlow}: Large-Scale Machine Learning on Heterogeneous Systems},
	url={https://www.tensorflow.org/},
	author={
	Mart\'{\i}n~Abadi and
	Ashish~Agarwal and
	Paul~Barham and
	Eugene~Brevdo and
	Zhifeng~Chen and
	Craig~Citro and
	Greg~S.~Corrado and
	Andy~Davis and
	Jeffrey~Dean and
	Matthieu~Devin and
	Sanjay~Ghemawat and
	Ian~Goodfellow and
	Andrew~Harp and
	Geoffrey~Irving and
	Michael~Isard and
	Yangqing Jia and
	Rafal~Jozefowicz and
	Lukasz~Kaiser and
	Manjunath~Kudlur and
	Josh~Levenberg and
	Dan~Man\'{e} and
	Rajat~Monga and
	Sherry~Moore and
	Derek~Murray and
	Chris~Olah and
	Mike~Schuster and
	Jonathon~Shlens and
	Benoit~Steiner and
	Ilya~Sutskever and
	Kunal~Talwar and
	Paul~Tucker and
	Vincent~Vanhoucke and
	Vijay~Vasudevan and
	Fernanda~Vi\'{e}gas and
	Oriol~Vinyals and
	Pete~Warden and
	Martin~Wattenberg and
	Martin~Wicke and
	Yuan~Yu and
	Xiaoqiang~Zheng},
	year={2015},
}